@inproceedings{Broom:HotOS,
  author    = {Ionel Gog and
               Jana Giceva and
               Malte Schwarzkopf and
               Kapil Vaswani and
               Dimitrios Vytiniotis and
               Ganesan Ramalingam and
               Manuel Costa and
               Derek Gordon Murray and
               Steven Hand and
               Michael Isard},
  title     = {Broom: Sweeping Out Garbage Collection from Big Data Systems},
  booktitle = {15th Workshop on Hot Topics in Operating Systems, HotOS XV, Kartause
               Ittingen, Switzerland, May 18-20, 2015},
  year      = {2015},
  url       = {https://www.usenix.org/conference/hotos15/workshop-program/presentation/gog},
  timestamp = {Fri, 29 May 2015 14:44:16 +0200},
  biburl    = {http://dblp.uni-trier.de/rec/bib/conf/hotos/GogGSVVRCMHI15},
  bibsource = {dblp computer science bibliography, http://dblp.org}
}

@article{tofte04,
 author = {Tofte, Mads and Birkedal, Lars and Elsman, Martin and Hallenberg, Niels},
 title = {A Retrospective on Region-Based Memory Management},
 journal = {Higher Order Symbol. Comput.},
 issue_date = {September 2004},
 volume = {17},
 number = {3},
 month = sep,
 year = {2004},
 issn = {1388-3690},
 pages = {245--265},
 numpages = {21},
 url = {http://dx.doi.org/10.1023/B:LISP.0000029446.78563.a4},
 doi = {10.1023/B:LISP.0000029446.78563.a4},
 acmid = {993040},
 publisher = {Kluwer Academic Publishers},
 address = {Hingham, MA, USA},
 keywords = {Standard ML, dynamic storage management, regions},
}
@MastersThesis{yates99,
  author = {Bennett Norton Yates},
  title = {A Type-And-Effect System For Encapsulating Memory In Java},
  year = {1999},
  school = {Department of Computer Science and Information Science},
  address = {University of Oregon},
}
@inproceedings{Calcagno:2001:SOS:360204.360217,
 author = {Calcagno, Cristiano},
 title = {Stratified Operational Semantics for Safety and Correctness of the Region Calculus},
 booktitle = {Proceedings of the 28th ACM SIGPLAN-SIGACT Symposium on Principles of Programming Languages},
 series = {POPL '01},
 year = {2001},
 isbn = {1-58113-336-7},
 location = {London, United Kingdom},
 pages = {155--165},
 numpages = {11},
 url = {http://doi.acm.org/10.1145/360204.360217},
 doi = {10.1145/360204.360217},
 acmid = {360217},
 publisher = {ACM},
 address = {New York, NY, USA},
}
@inproceedings{cyclone02,
 author = {Grossman, Dan and Morrisett, Greg and Jim, Trevor and Hicks, Michael and Wang, Yanling and Cheney, James},
 title = {Region-based Memory Management in Cyclone},
 booktitle = {Proceedings of the ACM SIGPLAN 2002 Conference on Programming Language Design and Implementation},
 series = {PLDI '02},
 year = {2002},
 isbn = {1-58113-463-0},
 location = {Berlin, Germany},
 pages = {282--293},
 numpages = {12},
 url = {http://doi.acm.org/10.1145/512529.512563},
 doi = {10.1145/512529.512563},
 acmid = {512563},
 publisher = {ACM},
 address = {New York, NY, USA},
}
@inproceedings{cyclone04,
 author = {Hicks, Michael and Morrisett, Greg and Grossman, Dan and Jim, Trevor},
 title = {Experience with Safe Manual Memory-management in Cyclone},
 booktitle = {Proceedings of the 4th International Symposium on Memory Management},
 series = {ISMM '04},
 year = {2004},
 isbn = {1-58113-945-4},
 location = {Vancouver, BC, Canada},
 pages = {73--84},
 numpages = {12},
 url = {http://doi.acm.org/10.1145/1029873.1029883},
 doi = {10.1145/1029873.1029883},
 acmid = {1029883},
 publisher = {ACM},
 address = {New York, NY, USA},
 keywords = {cyclone, memory management, memory safety, regions, unique pointers},
} 
@techreport{tofte93,
  author = {{Mads Tofte} and Jean-Pierre Talpin},
  title = {{A Theory of Stack Allocation in Polymorphically Typed Languages}},
  institution = {University of Copenhagen},
  number = {DIKU-report 93/15},
  url = {http://citeseerx.ist.psu.edu/viewdoc/summary?doi=10.1.1.51.6564},
  year = 1993
}
@inproceedings{HMN01,
 author = {Henglein, Fritz and Makholm, Henning and Niss, Henning},
 title = {A Direct Approach to Control-flow Sensitive Region-based Memory Management},
 booktitle = {Proceedings of the 3rd ACM SIGPLAN International Conference on Principles and Practice of Declarative Programming},
 series = {PPDP '01},
 year = {2001},
 isbn = {1-58113-388-X},
 location = {Florence, Italy},
 pages = {175--186},
 numpages = {12},
 url = {http://doi.acm.org/10.1145/773184.773203},
 doi = {10.1145/773184.773203},
 acmid = {773203},
 publisher = {ACM},
 address = {New York, NY, USA},
} 
@article{tofte98,
 author = {Tofte, Mads and Birkedal, Lars},
 title = {A Region Inference Algorithm},
 journal = {ACM Trans. Program. Lang. Syst.},
 issue_date = {July 1998},
 volume = {20},
 number = {4},
 month = jul,
 year = {1998},
 issn = {0164-0925},
 pages = {724--767},
 numpages = {44},
 url = {http://doi.acm.org/10.1145/291891.291894},
 doi = {10.1145/291891.291894},
 acmid = {291894},
 publisher = {ACM},
 address = {New York, NY, USA},
 keywords = {regions, standard ML},
}
@article{talpin92,
  AUTHOR = {J.-P. Talpin and P. Jouvelot},
  TITLE = {{Polymorphic Type, Region and Effect Inference}},
  JOURNAL = {Journal of Functional Programming},
  YEAR = 1992,
  VOLUME = 2,
  NUMBER = 3,
  PUBLISHER = {Cambridge University Press},
}
@inproceedings{WW01,
 author = {Walker, David and Watkins, Kevin},
 title = {On Regions and Linear Types (Extended Abstract)},
 booktitle = {Proceedings of the Sixth ACM SIGPLAN International Conference on Functional Programming},
 series = {ICFP '01},
 year = {2001},
 isbn = {1-58113-415-0},
 location = {Florence, Italy},
 pages = {181--192},
 numpages = {12},
 url = {http://doi.acm.org/10.1145/507635.507658},
 doi = {10.1145/507635.507658},
 acmid = {507658},
 publisher = {ACM},
 address = {New York, NY, USA},
}
@inproceedings{MIT03,
 author = {Boyapati, Chandrasekhar and Salcianu, Alexandru and Beebee,Jr., William and Rinard, Martin},
 title = {Ownership Types for Safe Region-based Memory Management in Real-time Java},
 booktitle = {Proceedings of the ACM SIGPLAN 2003 Conference on Programming Language Design and Implementation},
 series = {PLDI '03},
 year = {2003},
 isbn = {1-58113-662-5},
 location = {San Diego, California, USA},
 pages = {324--337},
 numpages = {14},
 url = {http://doi.acm.org/10.1145/781131.781168},
 doi = {10.1145/781131.781168},
 acmid = {781168},
 publisher = {ACM},
 address = {New York, NY, USA},
 keywords = {encapsulation, ownership types, real-time, regions},
}
@inproceedings{DPJ09,
 author = {Bocchino,Jr., Robert L. and Adve, Vikram S. and Dig, Danny and Adve, Sarita V. and Heumann, Stephen and Komuravelli, Rakesh and Overbey, Jeffrey and Simmons, Patrick and Sung, Hyojin and Vakilian, Mohsen},
 title = {A Type and Effect System for Deterministic Parallel Java},
 booktitle = {Proceedings of the 24th ACM SIGPLAN Conference on Object Oriented Programming Systems Languages and Applications},
 series = {OOPSLA '09},
 year = {2009},
 isbn = {978-1-60558-766-0},
 location = {Orlando, Florida, USA},
 pages = {97--116},
 numpages = {20},
 url = {http://doi.acm.org/10.1145/1640089.1640097},
 doi = {10.1145/1640089.1640097},
 acmid = {1640097},
 publisher = {ACM},
 address = {New York, NY, USA},
 keywords = {commutativity, determinism, deterministic parallelism, effect systems, effects},
} 
@misc{rust,
	key = {Rust},
	title={{The Rust Programming Language}},
	url = {https://doc.rust-lang.org/book},
	note = {Accessed: 2015-11-7 13:21:00},
	year = {2015}

}
@inproceedings{tofte94,
 author = {Tofte, Mads and Talpin, Jean-Pierre},
 title = {Implementation of the Typed Call-by-value $\lambda$-calculus Using a Stack of Regions},
 booktitle = {Proceedings of the 21st ACM SIGPLAN-SIGACT Symposium on Principles of Programming Languages},
 series = {POPL '94},
 year = {1994},
 isbn = {0-89791-636-0},
 location = {Portland, Oregon, USA},
 pages = {188--201},
 numpages = {14},
 url = {http://doi.acm.org/10.1145/174675.177855},
 doi = {10.1145/174675.177855},
 acmid = {177855},
 publisher = {ACM},
 address = {New York, NY, USA},
} 
@article{tofte97,
 author = {Tofte, Mads and Talpin, Jean-Pierre},
 title = {Region-Based Memory Management},
 journal = {Inf. Comput.},
 issue_date = {Feb. 1, 1997},
 volume = {132},
 number = {2},
 month = feb,
 year = {1997},
 issn = {0890-5401},
 pages = {109--176},
 numpages = {68},
 url = {http://dx.doi.org/10.1006/inco.1996.2613},
 doi = {10.1006/inco.1996.2613},
 acmid = {249661},
 publisher = {Academic Press, Inc.},
 address = {Duluth, MN, USA},
}
@inproceedings{gpu14,
 author = {Holk, Eric and Newton, Ryan and Siek, Jeremy and Lumsdaine, Andrew},
 title = {Region-based Memory Management for GPU Programming Languages: Enabling Rich Data Structures on a Spartan Host},
 booktitle = {Proceedings of the 2014 ACM International Conference on Object Oriented Programming Systems Languages \&\#38; Applications},
 series = {OOPSLA '14},
 year = {2014},
 isbn = {978-1-4503-2585-1},
 location = {Portland, Oregon, USA},
 pages = {141--155},
 numpages = {15},
 url = {http://doi.acm.org/10.1145/2660193.2660244},
 doi = {10.1145/2660193.2660244},
 acmid = {2660244},
 publisher = {ACM},
 address = {New York, NY, USA},
 keywords = {algebraic data types, compilers, first class procedures, gpu, harlan, implementation, opencl, optimization, parallel programming, performance, recursion},
}
@inproceedings{ltpldi08,
 author = {Rondon, Patrick M. and Kawaguci, Ming and Jhala, Ranjit},
 title = {Liquid Types},
 booktitle = {Proceedings of the 29th ACM SIGPLAN Conference on Programming Language Design and Implementation},
 series = {PLDI '08},
 year = {2008},
 isbn = {978-1-59593-860-2},
 location = {Tucson, AZ, USA},
 pages = {159--169},
 numpages = {11},
 url = {http://doi.acm.org/10.1145/1375581.1375602},
 doi = {10.1145/1375581.1375602},
 acmid = {1375602},
 publisher = {ACM},
 address = {New York, NY, USA},
 keywords = {dependent types, hindley-milner, predicate abstraction, type inference},
} 
@article{siam92,
  author={Frank, Andras}, 
  title={Augmenting graphs to meet edge-connectivity requirements},
  journal={SIAM Journal on Discrete Math},
  volume =5, number=1, year=1992, 
  pages={25--53},
}
@article{fgj,
 author = {Igarashi, Atsushi and Pierce, Benjamin C. and Wadler, Philip},
 title = {Featherweight Java: A Minimal Core Calculus for Java and GJ},
 journal = {ACM Trans. Program. Lang. Syst.},
 issue_date = {May 2001},
 volume = {23},
 number = {3},
 month = may,
 year = {2001},
 issn = {0164-0925},
 pages = {396--450},
 numpages = {55},
 url = {http://doi.acm.org/10.1145/503502.503505},
 doi = {10.1145/503502.503505},
 acmid = {503505},
 publisher = {ACM},
 address = {New York, NY, USA},
 keywords = {Compilation, Java, generic classes, language design, language semantics},
} 
@article{tarski,
  author =       {A.~Tarski},
  title =        {A lattice-theoretical fixpoint theorem and its applications},
  journal =      {Pacific Journal of Mathematics},
  year =         1955,
  volume =    5,
  number =    2,
  pages =     {285-309}
}
@inproceedings{gulwani09,
 author = {Srivastava, Saurabh and Gulwani, Sumit},
 title = {Program Verification Using Templates over Predicate Abstraction},
 booktitle = {Proceedings of the 30th ACM SIGPLAN Conference on Programming Language Design and Implementation},
 series = {PLDI '09},
 year = {2009},
 isbn = {978-1-60558-392-1},
 location = {Dublin, Ireland},
 pages = {223--234},
 numpages = {12},
 url = {http://doi.acm.org/10.1145/1542476.1542501},
 doi = {10.1145/1542476.1542501},
 acmid = {1542501},
 publisher = {ACM},
 address = {New York, NY, USA},
 keywords = {constraint-based fixed-point, iterative fixed-point, predicate abstraction, quantified invariants, smt solvers, template invariants, weakest preconditions},
} 
@InProceedings{wadler90,
  author       = {Wadler, Philip},
  title        = {{Linear Types Can Change the World!}},
  editor       = "M. Broy and C. B. Jones",
  booktitle    = "IFIP TC 2 Working Conference on Programming Concepts
      and Methods",
  pages        = "561--581",
  address      = "Sea of Gallilee, Israel",
  publisher    = "North-Holland",
  year         = 1990,
  month        = apr,
  urlps        = "file://ftp.dcs.glasgow.ac.uk/pub/glasgow-fp/authors/Philip_Wadler/linear-types-can-change-the-world.ps"
}
@inproceedings{harris15,
 author = {Maas, Martin and Harris, Tim and Asanovic, Krste and Kubiatowicz, John},
 title = {Trash Day: Coordinating Garbage Collection in Distributed Systems},
 booktitle = {Proceedings of the 15th USENIX Conference on Hot Topics in Operating Systems},
 series = {HOTOS'15},
 year = {2015},
 location = {Switzerland},
 pages = {1--1},
 numpages = {1},
 url = {http://dl.acm.org/citation.cfm?id=2831090.2831091},
 acmid = {2831091},
 publisher = {USENIX Association},
 address = {Berkeley, CA, USA},
}
